%YAML 1.1
%TAG !u! tag:unity3d.com,2011:
--- !u!29 &1
OcclusionCullingSettings:
  m_ObjectHideFlags: 0
  serializedVersion: 2
  m_OcclusionBakeSettings:
    smallestOccluder: 5
    smallestHole: 0.25
    backfaceThreshold: 100
  m_SceneGUID: 00000000000000000000000000000000
  m_OcclusionCullingData: {fileID: 0}
--- !u!104 &2
RenderSettings:
  m_ObjectHideFlags: 0
  serializedVersion: 9
  m_Fog: 0
  m_FogColor: {r: 0.5, g: 0.5, b: 0.5, a: 1}
  m_FogMode: 3
  m_FogDensity: 0.01
  m_LinearFogStart: 0
  m_LinearFogEnd: 300
  m_AmbientSkyColor: {r: 0.43529412, g: 0.50980395, b: 0.74509805, a: 1}
  m_AmbientEquatorColor: {r: 0.114, g: 0.125, b: 0.133, a: 1}
  m_AmbientGroundColor: {r: 0.047, g: 0.043, b: 0.035, a: 1}
  m_AmbientIntensity: 1
  m_AmbientMode: 3
  m_SubtractiveShadowColor: {r: 0.42, g: 0.478, b: 0.627, a: 1}
  m_SkyboxMaterial: {fileID: 0}
  m_HaloStrength: 0.5
  m_FlareStrength: 1
  m_FlareFadeSpeed: 3
  m_HaloTexture: {fileID: 0}
  m_SpotCookie: {fileID: 10001, guid: 0000000000000000e000000000000000, type: 0}
  m_DefaultReflectionMode: 0
  m_DefaultReflectionResolution: 128
  m_ReflectionBounces: 1
  m_ReflectionIntensity: 1
  m_CustomReflection: {fileID: 0}
  m_Sun: {fileID: 0}
  m_IndirectSpecularColor: {r: 0, g: 0, b: 0, a: 1}
  m_UseRadianceAmbientProbe: 0
--- !u!157 &3
LightmapSettings:
  m_ObjectHideFlags: 0
  serializedVersion: 11
  m_GIWorkflowMode: 1
  m_GISettings:
    serializedVersion: 2
    m_BounceScale: 1
    m_IndirectOutputScale: 1
    m_AlbedoBoost: 1
    m_EnvironmentLightingMode: 0
    m_EnableBakedLightmaps: 0
    m_EnableRealtimeLightmaps: 0
  m_LightmapEditorSettings:
    serializedVersion: 12
    m_Resolution: 2
    m_BakeResolution: 40
    m_AtlasSize: 1024
    m_AO: 0
    m_AOMaxDistance: 1
    m_CompAOExponent: 0
    m_CompAOExponentDirect: 0
    m_ExtractAmbientOcclusion: 0
    m_Padding: 2
    m_LightmapParameters: {fileID: 0}
    m_LightmapsBakeMode: 1
    m_TextureCompression: 1
    m_FinalGather: 0
    m_FinalGatherFiltering: 1
    m_FinalGatherRayCount: 1024
    m_ReflectionCompression: 2
    m_MixedBakeMode: 1
    m_BakeBackend: 0
    m_PVRSampling: 1
    m_PVRDirectSampleCount: 32
    m_PVRSampleCount: 500
    m_PVRBounces: 2
    m_PVREnvironmentSampleCount: 500
    m_PVREnvironmentReferencePointCount: 2048
    m_PVRFilteringMode: 0
    m_PVRDenoiserTypeDirect: 0
    m_PVRDenoiserTypeIndirect: 0
    m_PVRDenoiserTypeAO: 0
    m_PVRFilterTypeDirect: 0
    m_PVRFilterTypeIndirect: 0
    m_PVRFilterTypeAO: 0
    m_PVREnvironmentMIS: 0
    m_PVRCulling: 1
    m_PVRFilteringGaussRadiusDirect: 1
    m_PVRFilteringGaussRadiusIndirect: 5
    m_PVRFilteringGaussRadiusAO: 2
    m_PVRFilteringAtrousPositionSigmaDirect: 0.5
    m_PVRFilteringAtrousPositionSigmaIndirect: 2
    m_PVRFilteringAtrousPositionSigmaAO: 1
    m_ExportTrainingData: 0
    m_TrainingDataDestination: TrainingData
  m_LightingDataAsset: {fileID: 0}
  m_UseShadowmask: 0
--- !u!196 &4
NavMeshSettings:
  serializedVersion: 2
  m_ObjectHideFlags: 0
  m_BuildSettings:
    serializedVersion: 2
    agentTypeID: 0
    agentRadius: 0.5
    agentHeight: 2
    agentSlope: 45
    agentClimb: 0.4
    ledgeDropHeight: 0
    maxJumpAcrossDistance: 0
    minRegionArea: 2
    manualCellSize: 0
    cellSize: 0.16666667
    manualTileSize: 0
    tileSize: 256
    accuratePlacement: 0
    debug:
      m_Flags: 0
  m_NavMeshData: {fileID: 0}
--- !u!1001 &93255448
PrefabInstance:
  m_ObjectHideFlags: 0
  serializedVersion: 2
  m_Modification:
    m_TransformParent: {fileID: 0}
    m_Modifications:
    - target: {fileID: 1847722434869226288, guid: 6c41e7939aaf8794cbfb381ab8595041,
        type: 3}
      propertyPath: m_Name
      value: DWF_Archer_B
      objectReference: {fileID: 0}
    - target: {fileID: 2359424090776035255, guid: 6c41e7939aaf8794cbfb381ab8595041,
        type: 3}
      propertyPath: m_LocalPosition.x
      value: 13.47
      objectReference: {fileID: 0}
    - target: {fileID: 2359424090776035255, guid: 6c41e7939aaf8794cbfb381ab8595041,
        type: 3}
      propertyPath: m_LocalPosition.y
      value: 0
      objectReference: {fileID: 0}
    - target: {fileID: 2359424090776035255, guid: 6c41e7939aaf8794cbfb381ab8595041,
        type: 3}
      propertyPath: m_LocalPosition.z
      value: -3.9
      objectReference: {fileID: 0}
    - target: {fileID: 2359424090776035255, guid: 6c41e7939aaf8794cbfb381ab8595041,
        type: 3}
      propertyPath: m_LocalRotation.x
      value: 0
      objectReference: {fileID: 0}
    - target: {fileID: 2359424090776035255, guid: 6c41e7939aaf8794cbfb381ab8595041,
        type: 3}
      propertyPath: m_LocalRotation.y
      value: 0
      objectReference: {fileID: 0}
    - target: {fileID: 2359424090776035255, guid: 6c41e7939aaf8794cbfb381ab8595041,
        type: 3}
      propertyPath: m_LocalRotation.z
      value: 0
      objectReference: {fileID: 0}
    - target: {fileID: 2359424090776035255, guid: 6c41e7939aaf8794cbfb381ab8595041,
        type: 3}
      propertyPath: m_LocalRotation.w
      value: 1
      objectReference: {fileID: 0}
    - target: {fileID: 2359424090776035255, guid: 6c41e7939aaf8794cbfb381ab8595041,
        type: 3}
      propertyPath: m_RootOrder
      value: 2
      objectReference: {fileID: 0}
    - target: {fileID: 2359424090776035255, guid: 6c41e7939aaf8794cbfb381ab8595041,
        type: 3}
      propertyPath: m_LocalEulerAnglesHint.x
      value: 0
      objectReference: {fileID: 0}
    - target: {fileID: 2359424090776035255, guid: 6c41e7939aaf8794cbfb381ab8595041,
        type: 3}
      propertyPath: m_LocalEulerAnglesHint.y
      value: 0
      objectReference: {fileID: 0}
    - target: {fileID: 2359424090776035255, guid: 6c41e7939aaf8794cbfb381ab8595041,
        type: 3}
      propertyPath: m_LocalEulerAnglesHint.z
      value: 0
      objectReference: {fileID: 0}
    m_RemovedComponents: []
  m_SourcePrefab: {fileID: 100100000, guid: 6c41e7939aaf8794cbfb381ab8595041, type: 3}
--- !u!1001 &96297836
PrefabInstance:
  m_ObjectHideFlags: 0
  serializedVersion: 2
  m_Modification:
    m_TransformParent: {fileID: 0}
    m_Modifications:
    - target: {fileID: 1701612260238951444, guid: 60d2b0aa54458664abdb1d46ff2ceb70,
        type: 3}
      propertyPath: m_Name
      value: DWF_Cavalry_Priest_B
      objectReference: {fileID: 0}
    - target: {fileID: 3633170182390710782, guid: 60d2b0aa54458664abdb1d46ff2ceb70,
        type: 3}
      propertyPath: m_LocalPosition.x
      value: 3.56
      objectReference: {fileID: 0}
    - target: {fileID: 3633170182390710782, guid: 60d2b0aa54458664abdb1d46ff2ceb70,
        type: 3}
      propertyPath: m_LocalPosition.y
      value: 0
      objectReference: {fileID: 0}
    - target: {fileID: 3633170182390710782, guid: 60d2b0aa54458664abdb1d46ff2ceb70,
        type: 3}
      propertyPath: m_LocalPosition.z
      value: -0.41
      objectReference: {fileID: 0}
    - target: {fileID: 3633170182390710782, guid: 60d2b0aa54458664abdb1d46ff2ceb70,
        type: 3}
      propertyPath: m_LocalRotation.x
      value: 0
      objectReference: {fileID: 0}
    - target: {fileID: 3633170182390710782, guid: 60d2b0aa54458664abdb1d46ff2ceb70,
        type: 3}
      propertyPath: m_LocalRotation.y
      value: 0
      objectReference: {fileID: 0}
    - target: {fileID: 3633170182390710782, guid: 60d2b0aa54458664abdb1d46ff2ceb70,
        type: 3}
      propertyPath: m_LocalRotation.z
      value: 0
      objectReference: {fileID: 0}
    - target: {fileID: 3633170182390710782, guid: 60d2b0aa54458664abdb1d46ff2ceb70,
        type: 3}
      propertyPath: m_LocalRotation.w
      value: 1
      objectReference: {fileID: 0}
    - target: {fileID: 3633170182390710782, guid: 60d2b0aa54458664abdb1d46ff2ceb70,
        type: 3}
      propertyPath: m_RootOrder
      value: 10
      objectReference: {fileID: 0}
    - target: {fileID: 3633170182390710782, guid: 60d2b0aa54458664abdb1d46ff2ceb70,
        type: 3}
      propertyPath: m_LocalEulerAnglesHint.x
      value: 0
      objectReference: {fileID: 0}
    - target: {fileID: 3633170182390710782, guid: 60d2b0aa54458664abdb1d46ff2ceb70,
        type: 3}
      propertyPath: m_LocalEulerAnglesHint.y
      value: 0
      objectReference: {fileID: 0}
    - target: {fileID: 3633170182390710782, guid: 60d2b0aa54458664abdb1d46ff2ceb70,
        type: 3}
      propertyPath: m_LocalEulerAnglesHint.z
      value: 0
      objectReference: {fileID: 0}
    m_RemovedComponents: []
  m_SourcePrefab: {fileID: 100100000, guid: 60d2b0aa54458664abdb1d46ff2ceb70, type: 3}
--- !u!1001 &163688595
PrefabInstance:
  m_ObjectHideFlags: 0
  serializedVersion: 2
  m_Modification:
    m_TransformParent: {fileID: 0}
    m_Modifications:
    - target: {fileID: 3419011119771585781, guid: 18c25bbb3bb91cc449cd87e3db6b5560,
        type: 3}
      propertyPath: m_Name
      value: DWF_Cavalry_Heavy_A
      objectReference: {fileID: 0}
    - target: {fileID: 2613683822845281227, guid: 18c25bbb3bb91cc449cd87e3db6b5560,
        type: 3}
      propertyPath: m_LocalPosition.x
      value: 6.4800005
      objectReference: {fileID: 0}
    - target: {fileID: 2613683822845281227, guid: 18c25bbb3bb91cc449cd87e3db6b5560,
        type: 3}
      propertyPath: m_LocalPosition.y
      value: 0
      objectReference: {fileID: 0}
    - target: {fileID: 2613683822845281227, guid: 18c25bbb3bb91cc449cd87e3db6b5560,
        type: 3}
      propertyPath: m_LocalPosition.z
      value: 1.6400001
      objectReference: {fileID: 0}
    - target: {fileID: 2613683822845281227, guid: 18c25bbb3bb91cc449cd87e3db6b5560,
        type: 3}
      propertyPath: m_LocalRotation.x
      value: 0
      objectReference: {fileID: 0}
    - target: {fileID: 2613683822845281227, guid: 18c25bbb3bb91cc449cd87e3db6b5560,
        type: 3}
      propertyPath: m_LocalRotation.y
      value: 0
      objectReference: {fileID: 0}
    - target: {fileID: 2613683822845281227, guid: 18c25bbb3bb91cc449cd87e3db6b5560,
        type: 3}
      propertyPath: m_LocalRotation.z
      value: 0
      objectReference: {fileID: 0}
    - target: {fileID: 2613683822845281227, guid: 18c25bbb3bb91cc449cd87e3db6b5560,
        type: 3}
      propertyPath: m_LocalRotation.w
      value: 1
      objectReference: {fileID: 0}
    - target: {fileID: 2613683822845281227, guid: 18c25bbb3bb91cc449cd87e3db6b5560,
        type: 3}
      propertyPath: m_RootOrder
      value: 5
      objectReference: {fileID: 0}
    - target: {fileID: 2613683822845281227, guid: 18c25bbb3bb91cc449cd87e3db6b5560,
        type: 3}
      propertyPath: m_LocalEulerAnglesHint.x
      value: 0
      objectReference: {fileID: 0}
    - target: {fileID: 2613683822845281227, guid: 18c25bbb3bb91cc449cd87e3db6b5560,
        type: 3}
      propertyPath: m_LocalEulerAnglesHint.y
      value: 0
      objectReference: {fileID: 0}
    - target: {fileID: 2613683822845281227, guid: 18c25bbb3bb91cc449cd87e3db6b5560,
        type: 3}
      propertyPath: m_LocalEulerAnglesHint.z
      value: 0
      objectReference: {fileID: 0}
    m_RemovedComponents: []
  m_SourcePrefab: {fileID: 100100000, guid: 18c25bbb3bb91cc449cd87e3db6b5560, type: 3}
--- !u!1001 &176860406
PrefabInstance:
  m_ObjectHideFlags: 0
  serializedVersion: 2
  m_Modification:
    m_TransformParent: {fileID: 0}
    m_Modifications:
    - target: {fileID: 6323483300828639389, guid: dae7bb39632a9be47b76290a72aea1aa,
        type: 3}
      propertyPath: m_Name
      value: DWF_Archer_A
      objectReference: {fileID: 0}
    - target: {fileID: 1411663969742027553, guid: dae7bb39632a9be47b76290a72aea1aa,
        type: 3}
      propertyPath: m_LocalPosition.x
      value: 11.76
      objectReference: {fileID: 0}
    - target: {fileID: 1411663969742027553, guid: dae7bb39632a9be47b76290a72aea1aa,
        type: 3}
      propertyPath: m_LocalPosition.y
      value: 0
      objectReference: {fileID: 0}
    - target: {fileID: 1411663969742027553, guid: dae7bb39632a9be47b76290a72aea1aa,
        type: 3}
      propertyPath: m_LocalPosition.z
      value: -4.47
      objectReference: {fileID: 0}
    - target: {fileID: 1411663969742027553, guid: dae7bb39632a9be47b76290a72aea1aa,
        type: 3}
      propertyPath: m_LocalRotation.x
      value: 0
      objectReference: {fileID: 0}
    - target: {fileID: 1411663969742027553, guid: dae7bb39632a9be47b76290a72aea1aa,
        type: 3}
      propertyPath: m_LocalRotation.y
      value: 0
      objectReference: {fileID: 0}
    - target: {fileID: 1411663969742027553, guid: dae7bb39632a9be47b76290a72aea1aa,
        type: 3}
      propertyPath: m_LocalRotation.z
      value: 0
      objectReference: {fileID: 0}
    - target: {fileID: 1411663969742027553, guid: dae7bb39632a9be47b76290a72aea1aa,
        type: 3}
      propertyPath: m_LocalRotation.w
      value: 1
      objectReference: {fileID: 0}
    - target: {fileID: 1411663969742027553, guid: dae7bb39632a9be47b76290a72aea1aa,
        type: 3}
      propertyPath: m_RootOrder
      value: 1
      objectReference: {fileID: 0}
    - target: {fileID: 1411663969742027553, guid: dae7bb39632a9be47b76290a72aea1aa,
        type: 3}
      propertyPath: m_LocalEulerAnglesHint.x
      value: 0
      objectReference: {fileID: 0}
    - target: {fileID: 1411663969742027553, guid: dae7bb39632a9be47b76290a72aea1aa,
        type: 3}
      propertyPath: m_LocalEulerAnglesHint.y
      value: 0
      objectReference: {fileID: 0}
    - target: {fileID: 1411663969742027553, guid: dae7bb39632a9be47b76290a72aea1aa,
        type: 3}
      propertyPath: m_LocalEulerAnglesHint.z
      value: 0
      objectReference: {fileID: 0}
    m_RemovedComponents: []
  m_SourcePrefab: {fileID: 100100000, guid: dae7bb39632a9be47b76290a72aea1aa, type: 3}
--- !u!1001 &327914939
PrefabInstance:
  m_ObjectHideFlags: 0
  serializedVersion: 2
  m_Modification:
    m_TransformParent: {fileID: 0}
    m_Modifications:
    - target: {fileID: 8808791975427920051, guid: 598a737ed43ca744ea3893a641a50d4d,
        type: 3}
      propertyPath: m_Name
      value: DWF_Worker_A
      objectReference: {fileID: 0}
    - target: {fileID: 5095511942862950685, guid: 598a737ed43ca744ea3893a641a50d4d,
        type: 3}
      propertyPath: m_LocalPosition.x
      value: 8.320001
      objectReference: {fileID: 0}
    - target: {fileID: 5095511942862950685, guid: 598a737ed43ca744ea3893a641a50d4d,
        type: 3}
      propertyPath: m_LocalPosition.y
      value: 0
      objectReference: {fileID: 0}
    - target: {fileID: 5095511942862950685, guid: 598a737ed43ca744ea3893a641a50d4d,
        type: 3}
      propertyPath: m_LocalPosition.z
      value: -4
      objectReference: {fileID: 0}
    - target: {fileID: 5095511942862950685, guid: 598a737ed43ca744ea3893a641a50d4d,
        type: 3}
      propertyPath: m_LocalRotation.x
      value: 0
      objectReference: {fileID: 0}
    - target: {fileID: 5095511942862950685, guid: 598a737ed43ca744ea3893a641a50d4d,
        type: 3}
      propertyPath: m_LocalRotation.y
      value: 0
      objectReference: {fileID: 0}
    - target: {fileID: 5095511942862950685, guid: 598a737ed43ca744ea3893a641a50d4d,
        type: 3}
      propertyPath: m_LocalRotation.z
      value: 0
      objectReference: {fileID: 0}
    - target: {fileID: 5095511942862950685, guid: 598a737ed43ca744ea3893a641a50d4d,
        type: 3}
      propertyPath: m_LocalRotation.w
      value: 1
      objectReference: {fileID: 0}
    - target: {fileID: 5095511942862950685, guid: 598a737ed43ca744ea3893a641a50d4d,
        type: 3}
      propertyPath: m_RootOrder
      value: 19
      objectReference: {fileID: 0}
    - target: {fileID: 5095511942862950685, guid: 598a737ed43ca744ea3893a641a50d4d,
        type: 3}
      propertyPath: m_LocalEulerAnglesHint.x
      value: 0
      objectReference: {fileID: 0}
    - target: {fileID: 5095511942862950685, guid: 598a737ed43ca744ea3893a641a50d4d,
        type: 3}
      propertyPath: m_LocalEulerAnglesHint.y
      value: 0
      objectReference: {fileID: 0}
    - target: {fileID: 5095511942862950685, guid: 598a737ed43ca744ea3893a641a50d4d,
        type: 3}
      propertyPath: m_LocalEulerAnglesHint.z
      value: 0
      objectReference: {fileID: 0}
    m_RemovedComponents: []
  m_SourcePrefab: {fileID: 100100000, guid: 598a737ed43ca744ea3893a641a50d4d, type: 3}
--- !u!1001 &461600185
PrefabInstance:
  m_ObjectHideFlags: 0
  serializedVersion: 2
  m_Modification:
    m_TransformParent: {fileID: 0}
    m_Modifications:
    - target: {fileID: 7462491240031038817, guid: 606a51c355feb6d41b33de0f9c357623,
        type: 3}
      propertyPath: m_Name
      value: DWF_Cavalry_Priest_A
      objectReference: {fileID: 0}
    - target: {fileID: 1897393194916670011, guid: 606a51c355feb6d41b33de0f9c357623,
        type: 3}
      propertyPath: m_LocalPosition.x
      value: 0.43000066
      objectReference: {fileID: 0}
    - target: {fileID: 1897393194916670011, guid: 606a51c355feb6d41b33de0f9c357623,
        type: 3}
      propertyPath: m_LocalPosition.y
      value: 0
      objectReference: {fileID: 0}
    - target: {fileID: 1897393194916670011, guid: 606a51c355feb6d41b33de0f9c357623,
        type: 3}
      propertyPath: m_LocalPosition.z
      value: -3.7199998
      objectReference: {fileID: 0}
    - target: {fileID: 1897393194916670011, guid: 606a51c355feb6d41b33de0f9c357623,
        type: 3}
      propertyPath: m_LocalRotation.x
      value: 0
      objectReference: {fileID: 0}
    - target: {fileID: 1897393194916670011, guid: 606a51c355feb6d41b33de0f9c357623,
        type: 3}
      propertyPath: m_LocalRotation.y
      value: 0
      objectReference: {fileID: 0}
    - target: {fileID: 1897393194916670011, guid: 606a51c355feb6d41b33de0f9c357623,
        type: 3}
      propertyPath: m_LocalRotation.z
      value: 0
      objectReference: {fileID: 0}
    - target: {fileID: 1897393194916670011, guid: 606a51c355feb6d41b33de0f9c357623,
        type: 3}
      propertyPath: m_LocalRotation.w
      value: 1
      objectReference: {fileID: 0}
    - target: {fileID: 1897393194916670011, guid: 606a51c355feb6d41b33de0f9c357623,
        type: 3}
      propertyPath: m_RootOrder
      value: 9
      objectReference: {fileID: 0}
    - target: {fileID: 1897393194916670011, guid: 606a51c355feb6d41b33de0f9c357623,
        type: 3}
      propertyPath: m_LocalEulerAnglesHint.x
      value: 0
      objectReference: {fileID: 0}
    - target: {fileID: 1897393194916670011, guid: 606a51c355feb6d41b33de0f9c357623,
        type: 3}
      propertyPath: m_LocalEulerAnglesHint.y
      value: 0
      objectReference: {fileID: 0}
    - target: {fileID: 1897393194916670011, guid: 606a51c355feb6d41b33de0f9c357623,
        type: 3}
      propertyPath: m_LocalEulerAnglesHint.z
      value: 0
      objectReference: {fileID: 0}
    m_RemovedComponents: []
  m_SourcePrefab: {fileID: 100100000, guid: 606a51c355feb6d41b33de0f9c357623, type: 3}
--- !u!1 &526086949
GameObject:
  m_ObjectHideFlags: 0
  m_CorrespondingSourceObject: {fileID: 0}
  m_PrefabInstance: {fileID: 0}
  m_PrefabAsset: {fileID: 0}
  serializedVersion: 6
  m_Component:
  - component: {fileID: 526086952}
  - component: {fileID: 526086951}
  - component: {fileID: 526086950}
  m_Layer: 0
  m_Name: Quad
  m_TagString: Untagged
  m_Icon: {fileID: 0}
  m_NavMeshLayer: 0
  m_StaticEditorFlags: 0
  m_IsActive: 1
--- !u!23 &526086950
MeshRenderer:
  m_ObjectHideFlags: 0
  m_CorrespondingSourceObject: {fileID: 0}
  m_PrefabInstance: {fileID: 0}
  m_PrefabAsset: {fileID: 0}
  m_GameObject: {fileID: 526086949}
  m_Enabled: 1
  m_CastShadows: 1
  m_ReceiveShadows: 1
  m_DynamicOccludee: 1
  m_MotionVectors: 1
  m_LightProbeUsage: 0
  m_ReflectionProbeUsage: 0
  m_RenderingLayerMask: 1
  m_RendererPriority: 0
  m_Materials:
  - {fileID: 2100000, guid: 3efd88df84aa55f4a922220bd2f9c93a, type: 2}
  m_StaticBatchInfo:
    firstSubMesh: 0
    subMeshCount: 0
  m_StaticBatchRoot: {fileID: 0}
  m_ProbeAnchor: {fileID: 0}
  m_LightProbeVolumeOverride: {fileID: 0}
  m_ScaleInLightmap: 1
  m_ReceiveGI: 1
  m_PreserveUVs: 1
  m_IgnoreNormalsForChartDetection: 0
  m_ImportantGI: 0
  m_StitchLightmapSeams: 0
  m_SelectedEditorRenderState: 3
  m_MinimumChartSize: 4
  m_AutoUVMaxDistance: 0.5
  m_AutoUVMaxAngle: 89
  m_LightmapParameters: {fileID: 0}
  m_SortingLayerID: 0
  m_SortingLayer: 0
  m_SortingOrder: 0
--- !u!33 &526086951
MeshFilter:
  m_ObjectHideFlags: 0
  m_CorrespondingSourceObject: {fileID: 0}
  m_PrefabInstance: {fileID: 0}
  m_PrefabAsset: {fileID: 0}
  m_GameObject: {fileID: 526086949}
  m_Mesh: {fileID: 10210, guid: 0000000000000000e000000000000000, type: 0}
--- !u!4 &526086952
Transform:
  m_ObjectHideFlags: 0
  m_CorrespondingSourceObject: {fileID: 0}
  m_PrefabInstance: {fileID: 0}
  m_PrefabAsset: {fileID: 0}
  m_GameObject: {fileID: 526086949}
  m_LocalRotation: {x: 0.7071068, y: -0, z: -0, w: 0.7071067}
  m_LocalPosition: {x: 0, y: 0, z: -6.16}
  m_LocalScale: {x: 45.045784, y: 45.04569, z: 45.04569}
  m_Children: []
  m_Father: {fileID: 1361803682}
  m_RootOrder: 0
  m_LocalEulerAnglesHint: {x: 0, y: 0, z: 0}
--- !u!1001 &597978354
PrefabInstance:
  m_ObjectHideFlags: 0
  serializedVersion: 2
  m_Modification:
    m_TransformParent: {fileID: 0}
    m_Modifications:
    - target: {fileID: 5955216126108870024, guid: db6435b9c7220bb44818690428c4b262,
        type: 3}
      propertyPath: m_Name
      value: DWF_Cavalry_Archer_A
      objectReference: {fileID: 0}
    - target: {fileID: 455311567859177994, guid: db6435b9c7220bb44818690428c4b262,
        type: 3}
      propertyPath: m_LocalPosition.x
      value: 3.9000006
      objectReference: {fileID: 0}
    - target: {fileID: 455311567859177994, guid: db6435b9c7220bb44818690428c4b262,
        type: 3}
      propertyPath: m_LocalPosition.y
      value: 0
      objectReference: {fileID: 0}
    - target: {fileID: 455311567859177994, guid: db6435b9c7220bb44818690428c4b262,
        type: 3}
      propertyPath: m_LocalPosition.z
      value: -5.19
      objectReference: {fileID: 0}
    - target: {fileID: 455311567859177994, guid: db6435b9c7220bb44818690428c4b262,
        type: 3}
      propertyPath: m_LocalRotation.x
      value: 0
      objectReference: {fileID: 0}
    - target: {fileID: 455311567859177994, guid: db6435b9c7220bb44818690428c4b262,
        type: 3}
      propertyPath: m_LocalRotation.y
      value: 0
      objectReference: {fileID: 0}
    - target: {fileID: 455311567859177994, guid: db6435b9c7220bb44818690428c4b262,
        type: 3}
      propertyPath: m_LocalRotation.z
      value: 0
      objectReference: {fileID: 0}
    - target: {fileID: 455311567859177994, guid: db6435b9c7220bb44818690428c4b262,
        type: 3}
      propertyPath: m_LocalRotation.w
      value: 1
      objectReference: {fileID: 0}
    - target: {fileID: 455311567859177994, guid: db6435b9c7220bb44818690428c4b262,
        type: 3}
      propertyPath: m_RootOrder
      value: 3
      objectReference: {fileID: 0}
    - target: {fileID: 455311567859177994, guid: db6435b9c7220bb44818690428c4b262,
        type: 3}
      propertyPath: m_LocalEulerAnglesHint.x
      value: 0
      objectReference: {fileID: 0}
    - target: {fileID: 455311567859177994, guid: db6435b9c7220bb44818690428c4b262,
        type: 3}
      propertyPath: m_LocalEulerAnglesHint.y
      value: 0
      objectReference: {fileID: 0}
    - target: {fileID: 455311567859177994, guid: db6435b9c7220bb44818690428c4b262,
        type: 3}
      propertyPath: m_LocalEulerAnglesHint.z
      value: 0
      objectReference: {fileID: 0}
    m_RemovedComponents: []
  m_SourcePrefab: {fileID: 100100000, guid: db6435b9c7220bb44818690428c4b262, type: 3}
--- !u!1 &786343986
GameObject:
  m_ObjectHideFlags: 0
  m_CorrespondingSourceObject: {fileID: 0}
  m_PrefabInstance: {fileID: 0}
  m_PrefabAsset: {fileID: 0}
  serializedVersion: 6
  m_Component:
  - component: {fileID: 786343991}
  - component: {fileID: 786343990}
  - component: {fileID: 786343989}
  - component: {fileID: 786343988}
  - component: {fileID: 786343987}
  m_Layer: 0
  m_Name: Main Camera
  m_TagString: MainCamera
  m_Icon: {fileID: 0}
  m_NavMeshLayer: 0
  m_StaticEditorFlags: 0
  m_IsActive: 1
--- !u!81 &786343987
AudioListener:
  m_ObjectHideFlags: 0
  m_CorrespondingSourceObject: {fileID: 0}
  m_PrefabInstance: {fileID: 0}
  m_PrefabAsset: {fileID: 0}
  m_GameObject: {fileID: 786343986}
  m_Enabled: 1
--- !u!124 &786343988
Behaviour:
  m_ObjectHideFlags: 0
  m_CorrespondingSourceObject: {fileID: 0}
  m_PrefabInstance: {fileID: 0}
  m_PrefabAsset: {fileID: 0}
  m_GameObject: {fileID: 786343986}
  m_Enabled: 1
--- !u!92 &786343989
Behaviour:
  m_ObjectHideFlags: 0
  m_CorrespondingSourceObject: {fileID: 0}
  m_PrefabInstance: {fileID: 0}
  m_PrefabAsset: {fileID: 0}
  m_GameObject: {fileID: 786343986}
  m_Enabled: 1
--- !u!20 &786343990
Camera:
  m_ObjectHideFlags: 0
  m_CorrespondingSourceObject: {fileID: 0}
  m_PrefabInstance: {fileID: 0}
  m_PrefabAsset: {fileID: 0}
  m_GameObject: {fileID: 786343986}
  m_Enabled: 1
  serializedVersion: 2
  m_ClearFlags: 1
  m_BackGroundColor: {r: 0.19215687, g: 0.3019608, b: 0.4745098, a: 0.019607844}
  m_projectionMatrixMode: 1
  m_GateFitMode: 2
  m_FOVAxisMode: 0
  m_SensorSize: {x: 36, y: 24}
  m_LensShift: {x: 0, y: 0}
  m_FocalLength: 50
  m_NormalizedViewPortRect:
    serializedVersion: 2
    x: 0
    y: 0
    width: 1
    height: 1
  near clip plane: 0.3
  far clip plane: 300
  field of view: 40
  orthographic: 0
  orthographic size: 5
  m_Depth: -1
  m_CullingMask:
    serializedVersion: 2
    m_Bits: 4294967295
  m_RenderingPath: -1
  m_TargetTexture: {fileID: 0}
  m_TargetDisplay: 0
  m_TargetEye: 3
  m_HDR: 0
  m_AllowMSAA: 1
  m_AllowDynamicResolution: 0
  m_ForceIntoRT: 0
  m_OcclusionCulling: 1
  m_StereoConvergence: 10
  m_StereoSeparation: 0.022
--- !u!4 &786343991
Transform:
  m_ObjectHideFlags: 0
  m_CorrespondingSourceObject: {fileID: 0}
  m_PrefabInstance: {fileID: 0}
  m_PrefabAsset: {fileID: 0}
  m_GameObject: {fileID: 786343986}
  m_LocalRotation: {x: 0.05326589, y: -0.94424397, z: 0.2622871, w: 0.1917593}
  m_LocalPosition: {x: 12.11, y: 5.87, z: 8.57}
  m_LocalScale: {x: 1, y: 1, z: 1}
  m_Children: []
  m_Father: {fileID: 1361803682}
  m_RootOrder: 2
  m_LocalEulerAnglesHint: {x: 0, y: 0, z: 0}
--- !u!1 &1263610237
GameObject:
  m_ObjectHideFlags: 0
  m_CorrespondingSourceObject: {fileID: 0}
  m_PrefabInstance: {fileID: 0}
  m_PrefabAsset: {fileID: 0}
  serializedVersion: 6
  m_Component:
  - component: {fileID: 1263610239}
  - component: {fileID: 1263610238}
  m_Layer: 0
  m_Name: Directional Light
  m_TagString: Untagged
  m_Icon: {fileID: 0}
  m_NavMeshLayer: 0
  m_StaticEditorFlags: 0
  m_IsActive: 1
--- !u!108 &1263610238
Light:
  m_ObjectHideFlags: 0
  m_CorrespondingSourceObject: {fileID: 0}
  m_PrefabInstance: {fileID: 0}
  m_PrefabAsset: {fileID: 0}
  m_GameObject: {fileID: 1263610237}
  m_Enabled: 1
  serializedVersion: 9
  m_Type: 1
  m_Color: {r: 1, g: 0.9164046, b: 0.740566, a: 1}
  m_Intensity: 1.5
  m_Range: 10
  m_SpotAngle: 30
  m_InnerSpotAngle: 21.80208
  m_CookieSize: 10
  m_Shadows:
    m_Type: 1
    m_Resolution: 3
    m_CustomResolution: -1
    m_Strength: 0.8
    m_Bias: 0.05
    m_NormalBias: 0.4
    m_NearPlane: 0.2
    m_CullingMatrixOverride:
      e00: 1
      e01: 0
      e02: 0
      e03: 0
      e10: 0
      e11: 1
      e12: 0
      e13: 0
      e20: 0
      e21: 0
      e22: 1
      e23: 0
      e30: 0
      e31: 0
      e32: 0
      e33: 1
    m_UseCullingMatrixOverride: 0
  m_Cookie: {fileID: 0}
  m_DrawHalo: 0
  m_Flare: {fileID: 0}
  m_RenderMode: 0
  m_CullingMask:
    serializedVersion: 2
    m_Bits: 4294967295
  m_RenderingLayerMask: 1
  m_Lightmapping: 4
  m_LightShadowCasterMode: 0
  m_AreaSize: {x: 1, y: 1}
  m_BounceIntensity: 1
  m_ColorTemperature: 6570
  m_UseColorTemperature: 0
  m_BoundingSphereOverride: {x: 0, y: 0, z: 0, w: 0}
  m_UseBoundingSphereOverride: 0
  m_ShadowRadius: 0
  m_ShadowAngle: 0
--- !u!4 &1263610239
Transform:
  m_ObjectHideFlags: 0
  m_CorrespondingSourceObject: {fileID: 0}
  m_PrefabInstance: {fileID: 0}
  m_PrefabAsset: {fileID: 0}
  m_GameObject: {fileID: 1263610237}
  m_LocalRotation: {x: 0.60489184, y: -0.6959251, z: 0.23327382, w: 0.3088325}
  m_LocalPosition: {x: -0.139, y: 6.22, z: 3.3489997}
  m_LocalScale: {x: 1, y: 1, z: 1}
  m_Children: []
  m_Father: {fileID: 1361803682}
  m_RootOrder: 1
  m_LocalEulerAnglesHint: {x: 44.291, y: -168.09702, z: -77.135}
--- !u!1001 &1327937461
PrefabInstance:
  m_ObjectHideFlags: 0
  serializedVersion: 2
  m_Modification:
    m_TransformParent: {fileID: 0}
    m_Modifications:
    - target: {fileID: 6997721448380672956, guid: afd5121f1ce4f1b4c9c2f125c4893f39,
        type: 3}
      propertyPath: m_Name
      value: DWF_Cavalry_Light_B
      objectReference: {fileID: 0}
    - target: {fileID: 1911629898694141208, guid: afd5121f1ce4f1b4c9c2f125c4893f39,
        type: 3}
      propertyPath: m_LocalPosition.x
      value: 3.0800006
      objectReference: {fileID: 0}
    - target: {fileID: 1911629898694141208, guid: afd5121f1ce4f1b4c9c2f125c4893f39,
        type: 3}
      propertyPath: m_LocalPosition.y
      value: 0
      objectReference: {fileID: 0}
    - target: {fileID: 1911629898694141208, guid: afd5121f1ce4f1b4c9c2f125c4893f39,
        type: 3}
      propertyPath: m_LocalPosition.z
      value: -3.3000002
      objectReference: {fileID: 0}
    - target: {fileID: 1911629898694141208, guid: afd5121f1ce4f1b4c9c2f125c4893f39,
        type: 3}
      propertyPath: m_LocalRotation.x
      value: 0
      objectReference: {fileID: 0}
    - target: {fileID: 1911629898694141208, guid: afd5121f1ce4f1b4c9c2f125c4893f39,
        type: 3}
      propertyPath: m_LocalRotation.y
      value: 0
      objectReference: {fileID: 0}
    - target: {fileID: 1911629898694141208, guid: afd5121f1ce4f1b4c9c2f125c4893f39,
        type: 3}
      propertyPath: m_LocalRotation.z
      value: 0
      objectReference: {fileID: 0}
    - target: {fileID: 1911629898694141208, guid: afd5121f1ce4f1b4c9c2f125c4893f39,
        type: 3}
      propertyPath: m_LocalRotation.w
      value: 1
      objectReference: {fileID: 0}
    - target: {fileID: 1911629898694141208, guid: afd5121f1ce4f1b4c9c2f125c4893f39,
        type: 3}
      propertyPath: m_RootOrder
      value: 8
      objectReference: {fileID: 0}
    - target: {fileID: 1911629898694141208, guid: afd5121f1ce4f1b4c9c2f125c4893f39,
        type: 3}
      propertyPath: m_LocalEulerAnglesHint.x
      value: 0
      objectReference: {fileID: 0}
    - target: {fileID: 1911629898694141208, guid: afd5121f1ce4f1b4c9c2f125c4893f39,
        type: 3}
      propertyPath: m_LocalEulerAnglesHint.y
      value: 0
      objectReference: {fileID: 0}
    - target: {fileID: 1911629898694141208, guid: afd5121f1ce4f1b4c9c2f125c4893f39,
        type: 3}
      propertyPath: m_LocalEulerAnglesHint.z
      value: 0
      objectReference: {fileID: 0}
    m_RemovedComponents: []
  m_SourcePrefab: {fileID: 100100000, guid: afd5121f1ce4f1b4c9c2f125c4893f39, type: 3}
--- !u!1001 &1343970140
PrefabInstance:
  m_ObjectHideFlags: 0
  serializedVersion: 2
  m_Modification:
    m_TransformParent: {fileID: 0}
    m_Modifications:
    - target: {fileID: 8587704306446695768, guid: afe178d92c767c943b9dae6a80eedb95,
        type: 3}
      propertyPath: m_Name
      value: DWF_Light_Infantry_B
      objectReference: {fileID: 0}
    - target: {fileID: 5756120518544525051, guid: afe178d92c767c943b9dae6a80eedb95,
        type: 3}
      propertyPath: m_LocalPosition.x
      value: 13.370001
      objectReference: {fileID: 0}
    - target: {fileID: 5756120518544525051, guid: afe178d92c767c943b9dae6a80eedb95,
        type: 3}
      propertyPath: m_LocalPosition.y
      value: 0
      objectReference: {fileID: 0}
    - target: {fileID: 5756120518544525051, guid: afe178d92c767c943b9dae6a80eedb95,
        type: 3}
      propertyPath: m_LocalPosition.z
      value: -1.1899998
      objectReference: {fileID: 0}
    - target: {fileID: 5756120518544525051, guid: afe178d92c767c943b9dae6a80eedb95,
        type: 3}
      propertyPath: m_LocalRotation.x
      value: 0
      objectReference: {fileID: 0}
    - target: {fileID: 5756120518544525051, guid: afe178d92c767c943b9dae6a80eedb95,
        type: 3}
      propertyPath: m_LocalRotation.y
      value: 0
      objectReference: {fileID: 0}
    - target: {fileID: 5756120518544525051, guid: afe178d92c767c943b9dae6a80eedb95,
        type: 3}
      propertyPath: m_LocalRotation.z
      value: 0
      objectReference: {fileID: 0}
    - target: {fileID: 5756120518544525051, guid: afe178d92c767c943b9dae6a80eedb95,
        type: 3}
      propertyPath: m_LocalRotation.w
      value: 1
      objectReference: {fileID: 0}
    - target: {fileID: 5756120518544525051, guid: afe178d92c767c943b9dae6a80eedb95,
        type: 3}
      propertyPath: m_RootOrder
      value: 14
      objectReference: {fileID: 0}
    - target: {fileID: 5756120518544525051, guid: afe178d92c767c943b9dae6a80eedb95,
        type: 3}
      propertyPath: m_LocalEulerAnglesHint.x
      value: 0
      objectReference: {fileID: 0}
    - target: {fileID: 5756120518544525051, guid: afe178d92c767c943b9dae6a80eedb95,
        type: 3}
      propertyPath: m_LocalEulerAnglesHint.y
      value: 0
      objectReference: {fileID: 0}
    - target: {fileID: 5756120518544525051, guid: afe178d92c767c943b9dae6a80eedb95,
        type: 3}
      propertyPath: m_LocalEulerAnglesHint.z
      value: 0
      objectReference: {fileID: 0}
    m_RemovedComponents: []
  m_SourcePrefab: {fileID: 100100000, guid: afe178d92c767c943b9dae6a80eedb95, type: 3}
--- !u!1001 &1350828932
PrefabInstance:
  m_ObjectHideFlags: 0
  serializedVersion: 2
  m_Modification:
    m_TransformParent: {fileID: 0}
    m_Modifications:
    - target: {fileID: 5556343123467314441, guid: 8775a63b077134b409338f7f0f3462cb,
        type: 3}
      propertyPath: m_Name
      value: DWF_Spearman_B
      objectReference: {fileID: 0}
    - target: {fileID: 7531227266524494094, guid: 8775a63b077134b409338f7f0f3462cb,
        type: 3}
      propertyPath: m_LocalPosition.x
      value: 10.14
      objectReference: {fileID: 0}
    - target: {fileID: 7531227266524494094, guid: 8775a63b077134b409338f7f0f3462cb,
        type: 3}
      propertyPath: m_LocalPosition.y
      value: 0
      objectReference: {fileID: 0}
    - target: {fileID: 7531227266524494094, guid: 8775a63b077134b409338f7f0f3462cb,
        type: 3}
      propertyPath: m_LocalPosition.z
      value: -4.43
      objectReference: {fileID: 0}
    - target: {fileID: 7531227266524494094, guid: 8775a63b077134b409338f7f0f3462cb,
        type: 3}
      propertyPath: m_LocalRotation.x
      value: 0
      objectReference: {fileID: 0}
    - target: {fileID: 7531227266524494094, guid: 8775a63b077134b409338f7f0f3462cb,
        type: 3}
      propertyPath: m_LocalRotation.y
      value: 0
      objectReference: {fileID: 0}
    - target: {fileID: 7531227266524494094, guid: 8775a63b077134b409338f7f0f3462cb,
        type: 3}
      propertyPath: m_LocalRotation.z
      value: 0
      objectReference: {fileID: 0}
    - target: {fileID: 7531227266524494094, guid: 8775a63b077134b409338f7f0f3462cb,
        type: 3}
      propertyPath: m_LocalRotation.w
      value: 1
      objectReference: {fileID: 0}
    - target: {fileID: 7531227266524494094, guid: 8775a63b077134b409338f7f0f3462cb,
        type: 3}
      propertyPath: m_RootOrder
      value: 18
      objectReference: {fileID: 0}
    - target: {fileID: 7531227266524494094, guid: 8775a63b077134b409338f7f0f3462cb,
        type: 3}
      propertyPath: m_LocalEulerAnglesHint.x
      value: 0
      objectReference: {fileID: 0}
    - target: {fileID: 7531227266524494094, guid: 8775a63b077134b409338f7f0f3462cb,
        type: 3}
      propertyPath: m_LocalEulerAnglesHint.y
      value: 0
      objectReference: {fileID: 0}
    - target: {fileID: 7531227266524494094, guid: 8775a63b077134b409338f7f0f3462cb,
        type: 3}
      propertyPath: m_LocalEulerAnglesHint.z
      value: 0
      objectReference: {fileID: 0}
    m_RemovedComponents: []
  m_SourcePrefab: {fileID: 100100000, guid: 8775a63b077134b409338f7f0f3462cb, type: 3}
--- !u!1 &1361803681
GameObject:
  m_ObjectHideFlags: 0
  m_CorrespondingSourceObject: {fileID: 0}
  m_PrefabInstance: {fileID: 0}
  m_PrefabAsset: {fileID: 0}
  serializedVersion: 6
  m_Component:
  - component: {fileID: 1361803682}
  m_Layer: 0
  m_Name: Scene
  m_TagString: Untagged
  m_Icon: {fileID: 0}
  m_NavMeshLayer: 0
  m_StaticEditorFlags: 0
  m_IsActive: 1
--- !u!4 &1361803682
Transform:
  m_ObjectHideFlags: 0
  m_CorrespondingSourceObject: {fileID: 0}
  m_PrefabInstance: {fileID: 0}
  m_PrefabAsset: {fileID: 0}
  m_GameObject: {fileID: 1361803681}
  m_LocalRotation: {x: 0, y: 0, z: 0, w: 1}
  m_LocalPosition: {x: 0, y: 0, z: 0}
  m_LocalScale: {x: 1, y: 1, z: 1}
  m_Children:
  - {fileID: 526086952}
  - {fileID: 1263610239}
  - {fileID: 786343991}
  m_Father: {fileID: 0}
  m_RootOrder: 0
  m_LocalEulerAnglesHint: {x: 0, y: 0, z: 0}
--- !u!1001 &1403442066
PrefabInstance:
  m_ObjectHideFlags: 0
  serializedVersion: 2
  m_Modification:
    m_TransformParent: {fileID: 0}
    m_Modifications:
    - target: {fileID: 2680281911222003538, guid: da326e8515faeaf43a415fc7a42236a4,
        type: 3}
      propertyPath: m_Name
      value: DWF_Light_Infantry_A
      objectReference: {fileID: 0}
    - target: {fileID: 4676964154175575396, guid: da326e8515faeaf43a415fc7a42236a4,
        type: 3}
      propertyPath: m_LocalPosition.x
      value: 13.26
      objectReference: {fileID: 0}
    - target: {fileID: 4676964154175575396, guid: da326e8515faeaf43a415fc7a42236a4,
        type: 3}
      propertyPath: m_LocalPosition.y
      value: 0
      objectReference: {fileID: 0}
    - target: {fileID: 4676964154175575396, guid: da326e8515faeaf43a415fc7a42236a4,
        type: 3}
      propertyPath: m_LocalPosition.z
      value: 0.97000015
      objectReference: {fileID: 0}
    - target: {fileID: 4676964154175575396, guid: da326e8515faeaf43a415fc7a42236a4,
        type: 3}
      propertyPath: m_LocalRotation.x
      value: 0
      objectReference: {fileID: 0}
    - target: {fileID: 4676964154175575396, guid: da326e8515faeaf43a415fc7a42236a4,
        type: 3}
      propertyPath: m_LocalRotation.y
      value: 0
      objectReference: {fileID: 0}
    - target: {fileID: 4676964154175575396, guid: da326e8515faeaf43a415fc7a42236a4,
        type: 3}
      propertyPath: m_LocalRotation.z
      value: 0
      objectReference: {fileID: 0}
    - target: {fileID: 4676964154175575396, guid: da326e8515faeaf43a415fc7a42236a4,
        type: 3}
      propertyPath: m_LocalRotation.w
      value: 1
      objectReference: {fileID: 0}
    - target: {fileID: 4676964154175575396, guid: da326e8515faeaf43a415fc7a42236a4,
        type: 3}
      propertyPath: m_RootOrder
      value: 13
      objectReference: {fileID: 0}
    - target: {fileID: 4676964154175575396, guid: da326e8515faeaf43a415fc7a42236a4,
        type: 3}
      propertyPath: m_LocalEulerAnglesHint.x
      value: 0
      objectReference: {fileID: 0}
    - target: {fileID: 4676964154175575396, guid: da326e8515faeaf43a415fc7a42236a4,
        type: 3}
      propertyPath: m_LocalEulerAnglesHint.y
      value: 0
      objectReference: {fileID: 0}
    - target: {fileID: 4676964154175575396, guid: da326e8515faeaf43a415fc7a42236a4,
        type: 3}
      propertyPath: m_LocalEulerAnglesHint.z
      value: 0
      objectReference: {fileID: 0}
    m_RemovedComponents: []
  m_SourcePrefab: {fileID: 100100000, guid: da326e8515faeaf43a415fc7a42236a4, type: 3}
--- !u!1001 &1409338747
PrefabInstance:
  m_ObjectHideFlags: 0
  serializedVersion: 2
  m_Modification:
    m_TransformParent: {fileID: 0}
    m_Modifications:
    - target: {fileID: 60392479151442636, guid: 930911b142244444b856f3daded72df7,
        type: 3}
      propertyPath: m_Name
      value: DWF_Heavy_Infantry_A
      objectReference: {fileID: 0}
    - target: {fileID: 255102311281530146, guid: 930911b142244444b856f3daded72df7,
        type: 3}
      propertyPath: m_LocalPosition.x
      value: 11.56
      objectReference: {fileID: 0}
    - target: {fileID: 255102311281530146, guid: 930911b142244444b856f3daded72df7,
        type: 3}
      propertyPath: m_LocalPosition.y
      value: 0
      objectReference: {fileID: 0}
    - target: {fileID: 255102311281530146, guid: 930911b142244444b856f3daded72df7,
        type: 3}
      propertyPath: m_LocalPosition.z
      value: 0.84000015
      objectReference: {fileID: 0}
    - target: {fileID: 255102311281530146, guid: 930911b142244444b856f3daded72df7,
        type: 3}
      propertyPath: m_LocalRotation.x
      value: 0
      objectReference: {fileID: 0}
    - target: {fileID: 255102311281530146, guid: 930911b142244444b856f3daded72df7,
        type: 3}
      propertyPath: m_LocalRotation.y
      value: 0
      objectReference: {fileID: 0}
    - target: {fileID: 255102311281530146, guid: 930911b142244444b856f3daded72df7,
        type: 3}
      propertyPath: m_LocalRotation.z
      value: 0
      objectReference: {fileID: 0}
    - target: {fileID: 255102311281530146, guid: 930911b142244444b856f3daded72df7,
        type: 3}
      propertyPath: m_LocalRotation.w
      value: 1
      objectReference: {fileID: 0}
    - target: {fileID: 255102311281530146, guid: 930911b142244444b856f3daded72df7,
        type: 3}
      propertyPath: m_RootOrder
      value: 11
      objectReference: {fileID: 0}
    - target: {fileID: 255102311281530146, guid: 930911b142244444b856f3daded72df7,
        type: 3}
      propertyPath: m_LocalEulerAnglesHint.x
      value: 0
      objectReference: {fileID: 0}
    - target: {fileID: 255102311281530146, guid: 930911b142244444b856f3daded72df7,
        type: 3}
      propertyPath: m_LocalEulerAnglesHint.y
      value: 0
      objectReference: {fileID: 0}
    - target: {fileID: 255102311281530146, guid: 930911b142244444b856f3daded72df7,
        type: 3}
      propertyPath: m_LocalEulerAnglesHint.z
      value: 0
      objectReference: {fileID: 0}
    m_RemovedComponents: []
  m_SourcePrefab: {fileID: 100100000, guid: 930911b142244444b856f3daded72df7, type: 3}
--- !u!1001 &1446811765
PrefabInstance:
  m_ObjectHideFlags: 0
  serializedVersion: 2
  m_Modification:
    m_TransformParent: {fileID: 0}
    m_Modifications:
    - target: {fileID: 2334287112855678746, guid: a3f9381fa3b603a4589e0aac34881d0a,
        type: 3}
      propertyPath: m_Name
      value: DWF_Cavalry_Light_A
      objectReference: {fileID: 0}
    - target: {fileID: 75150122679102491, guid: a3f9381fa3b603a4589e0aac34881d0a,
        type: 3}
      propertyPath: m_LocalPosition.x
      value: 6.450001
      objectReference: {fileID: 0}
    - target: {fileID: 75150122679102491, guid: a3f9381fa3b603a4589e0aac34881d0a,
        type: 3}
      propertyPath: m_LocalPosition.y
      value: 0
      objectReference: {fileID: 0}
    - target: {fileID: 75150122679102491, guid: a3f9381fa3b603a4589e0aac34881d0a,
        type: 3}
      propertyPath: m_LocalPosition.z
      value: -3.5500002
      objectReference: {fileID: 0}
    - target: {fileID: 75150122679102491, guid: a3f9381fa3b603a4589e0aac34881d0a,
        type: 3}
      propertyPath: m_LocalRotation.x
      value: 0
      objectReference: {fileID: 0}
    - target: {fileID: 75150122679102491, guid: a3f9381fa3b603a4589e0aac34881d0a,
        type: 3}
      propertyPath: m_LocalRotation.y
      value: 0
      objectReference: {fileID: 0}
    - target: {fileID: 75150122679102491, guid: a3f9381fa3b603a4589e0aac34881d0a,
        type: 3}
      propertyPath: m_LocalRotation.z
      value: 0
      objectReference: {fileID: 0}
    - target: {fileID: 75150122679102491, guid: a3f9381fa3b603a4589e0aac34881d0a,
        type: 3}
      propertyPath: m_LocalRotation.w
      value: 1
      objectReference: {fileID: 0}
    - target: {fileID: 75150122679102491, guid: a3f9381fa3b603a4589e0aac34881d0a,
        type: 3}
      propertyPath: m_RootOrder
      value: 7
      objectReference: {fileID: 0}
    - target: {fileID: 75150122679102491, guid: a3f9381fa3b603a4589e0aac34881d0a,
        type: 3}
      propertyPath: m_LocalEulerAnglesHint.x
      value: 0
      objectReference: {fileID: 0}
    - target: {fileID: 75150122679102491, guid: a3f9381fa3b603a4589e0aac34881d0a,
        type: 3}
      propertyPath: m_LocalEulerAnglesHint.y
      value: 0
      objectReference: {fileID: 0}
    - target: {fileID: 75150122679102491, guid: a3f9381fa3b603a4589e0aac34881d0a,
        type: 3}
      propertyPath: m_LocalEulerAnglesHint.z
      value: 0
      objectReference: {fileID: 0}
    m_RemovedComponents: []
  m_SourcePrefab: {fileID: 100100000, guid: a3f9381fa3b603a4589e0aac34881d0a, type: 3}
--- !u!1001 &1629041201
PrefabInstance:
  m_ObjectHideFlags: 0
  serializedVersion: 2
  m_Modification:
    m_TransformParent: {fileID: 0}
    m_Modifications:
    - target: {fileID: 8766642875721077814, guid: 85164fa9152db4143870c2fd567eb46b,
        type: 3}
      propertyPath: m_Name
      value: DWF_Priest_B
      objectReference: {fileID: 0}
    - target: {fileID: 5691010150764714701, guid: 85164fa9152db4143870c2fd567eb46b,
        type: 3}
      propertyPath: m_LocalPosition.x
      value: 7.9900007
      objectReference: {fileID: 0}
    - target: {fileID: 5691010150764714701, guid: 85164fa9152db4143870c2fd567eb46b,
        type: 3}
      propertyPath: m_LocalPosition.y
      value: 0
      objectReference: {fileID: 0}
    - target: {fileID: 5691010150764714701, guid: 85164fa9152db4143870c2fd567eb46b,
        type: 3}
      propertyPath: m_LocalPosition.z
      value: 0.7600001
      objectReference: {fileID: 0}
    - target: {fileID: 5691010150764714701, guid: 85164fa9152db4143870c2fd567eb46b,
        type: 3}
      propertyPath: m_LocalRotation.x
      value: 0
      objectReference: {fileID: 0}
    - target: {fileID: 5691010150764714701, guid: 85164fa9152db4143870c2fd567eb46b,
        type: 3}
      propertyPath: m_LocalRotation.y
      value: 0
      objectReference: {fileID: 0}
    - target: {fileID: 5691010150764714701, guid: 85164fa9152db4143870c2fd567eb46b,
        type: 3}
      propertyPath: m_LocalRotation.z
      value: 0
      objectReference: {fileID: 0}
    - target: {fileID: 5691010150764714701, guid: 85164fa9152db4143870c2fd567eb46b,
        type: 3}
      propertyPath: m_LocalRotation.w
      value: 1
      objectReference: {fileID: 0}
    - target: {fileID: 5691010150764714701, guid: 85164fa9152db4143870c2fd567eb46b,
        type: 3}
      propertyPath: m_RootOrder
      value: 16
      objectReference: {fileID: 0}
    - target: {fileID: 5691010150764714701, guid: 85164fa9152db4143870c2fd567eb46b,
        type: 3}
      propertyPath: m_LocalEulerAnglesHint.x
      value: 0
      objectReference: {fileID: 0}
    - target: {fileID: 5691010150764714701, guid: 85164fa9152db4143870c2fd567eb46b,
        type: 3}
      propertyPath: m_LocalEulerAnglesHint.y
      value: 0
      objectReference: {fileID: 0}
    - target: {fileID: 5691010150764714701, guid: 85164fa9152db4143870c2fd567eb46b,
        type: 3}
      propertyPath: m_LocalEulerAnglesHint.z
      value: 0
      objectReference: {fileID: 0}
    m_RemovedComponents: []
  m_SourcePrefab: {fileID: 100100000, guid: 85164fa9152db4143870c2fd567eb46b, type: 3}
--- !u!1001 &1695161746
PrefabInstance:
  m_ObjectHideFlags: 0
  serializedVersion: 2
  m_Modification:
    m_TransformParent: {fileID: 0}
    m_Modifications:
    - target: {fileID: 5691112382313132595, guid: 326f30ac418f0d14e80b72514906028a,
        type: 3}
      propertyPath: m_Name
      value: DWF_Priest_A
      objectReference: {fileID: 0}
    - target: {fileID: 1318707812289131344, guid: 326f30ac418f0d14e80b72514906028a,
        type: 3}
      propertyPath: m_LocalPosition.x
      value: 11.6
      objectReference: {fileID: 0}
    - target: {fileID: 1318707812289131344, guid: 326f30ac418f0d14e80b72514906028a,
        type: 3}
      propertyPath: m_LocalPosition.y
      value: 0
      objectReference: {fileID: 0}
    - target: {fileID: 1318707812289131344, guid: 326f30ac418f0d14e80b72514906028a,
        type: 3}
      propertyPath: m_LocalPosition.z
      value: -1.81
      objectReference: {fileID: 0}
    - target: {fileID: 1318707812289131344, guid: 326f30ac418f0d14e80b72514906028a,
        type: 3}
      propertyPath: m_LocalRotation.x
      value: 0
      objectReference: {fileID: 0}
    - target: {fileID: 1318707812289131344, guid: 326f30ac418f0d14e80b72514906028a,
        type: 3}
      propertyPath: m_LocalRotation.y
      value: 0
      objectReference: {fileID: 0}
    - target: {fileID: 1318707812289131344, guid: 326f30ac418f0d14e80b72514906028a,
        type: 3}
      propertyPath: m_LocalRotation.z
      value: 0
      objectReference: {fileID: 0}
    - target: {fileID: 1318707812289131344, guid: 326f30ac418f0d14e80b72514906028a,
        type: 3}
      propertyPath: m_LocalRotation.w
      value: 1
      objectReference: {fileID: 0}
    - target: {fileID: 1318707812289131344, guid: 326f30ac418f0d14e80b72514906028a,
        type: 3}
      propertyPath: m_RootOrder
      value: 15
      objectReference: {fileID: 0}
    - target: {fileID: 1318707812289131344, guid: 326f30ac418f0d14e80b72514906028a,
        type: 3}
      propertyPath: m_LocalEulerAnglesHint.x
      value: 0
      objectReference: {fileID: 0}
    - target: {fileID: 1318707812289131344, guid: 326f30ac418f0d14e80b72514906028a,
        type: 3}
      propertyPath: m_LocalEulerAnglesHint.y
      value: 0
      objectReference: {fileID: 0}
    - target: {fileID: 1318707812289131344, guid: 326f30ac418f0d14e80b72514906028a,
        type: 3}
      propertyPath: m_LocalEulerAnglesHint.z
      value: 0
      objectReference: {fileID: 0}
    m_RemovedComponents: []
  m_SourcePrefab: {fileID: 100100000, guid: 326f30ac418f0d14e80b72514906028a, type: 3}
--- !u!1001 &1855062631
PrefabInstance:
  m_ObjectHideFlags: 0
  serializedVersion: 2
  m_Modification:
    m_TransformParent: {fileID: 0}
    m_Modifications:
    - target: {fileID: 3327881807858497762, guid: 3aa999edae2bbaa439b7b39c1c2dfc30,
        type: 3}
      propertyPath: m_Name
      value: DWF_Spearman_A
      objectReference: {fileID: 0}
    - target: {fileID: 538758306465769293, guid: 3aa999edae2bbaa439b7b39c1c2dfc30,
        type: 3}
      propertyPath: m_LocalPosition.x
      value: 10.070001
      objectReference: {fileID: 0}
    - target: {fileID: 538758306465769293, guid: 3aa999edae2bbaa439b7b39c1c2dfc30,
        type: 3}
      propertyPath: m_LocalPosition.y
      value: 0
      objectReference: {fileID: 0}
    - target: {fileID: 538758306465769293, guid: 3aa999edae2bbaa439b7b39c1c2dfc30,
        type: 3}
      propertyPath: m_LocalPosition.z
      value: -1.6399999
      objectReference: {fileID: 0}
    - target: {fileID: 538758306465769293, guid: 3aa999edae2bbaa439b7b39c1c2dfc30,
        type: 3}
      propertyPath: m_LocalRotation.x
      value: 0
      objectReference: {fileID: 0}
    - target: {fileID: 538758306465769293, guid: 3aa999edae2bbaa439b7b39c1c2dfc30,
        type: 3}
      propertyPath: m_LocalRotation.y
      value: 0
      objectReference: {fileID: 0}
    - target: {fileID: 538758306465769293, guid: 3aa999edae2bbaa439b7b39c1c2dfc30,
        type: 3}
      propertyPath: m_LocalRotation.z
      value: 0
      objectReference: {fileID: 0}
    - target: {fileID: 538758306465769293, guid: 3aa999edae2bbaa439b7b39c1c2dfc30,
        type: 3}
      propertyPath: m_LocalRotation.w
      value: 1
      objectReference: {fileID: 0}
    - target: {fileID: 538758306465769293, guid: 3aa999edae2bbaa439b7b39c1c2dfc30,
        type: 3}
      propertyPath: m_RootOrder
      value: 17
      objectReference: {fileID: 0}
    - target: {fileID: 538758306465769293, guid: 3aa999edae2bbaa439b7b39c1c2dfc30,
        type: 3}
      propertyPath: m_LocalEulerAnglesHint.x
      value: 0
      objectReference: {fileID: 0}
    - target: {fileID: 538758306465769293, guid: 3aa999edae2bbaa439b7b39c1c2dfc30,
        type: 3}
      propertyPath: m_LocalEulerAnglesHint.y
      value: 0
      objectReference: {fileID: 0}
    - target: {fileID: 538758306465769293, guid: 3aa999edae2bbaa439b7b39c1c2dfc30,
        type: 3}
      propertyPath: m_LocalEulerAnglesHint.z
      value: 0
      objectReference: {fileID: 0}
    m_RemovedComponents: []
  m_SourcePrefab: {fileID: 100100000, guid: 3aa999edae2bbaa439b7b39c1c2dfc30, type: 3}
--- !u!1001 &1900507808
PrefabInstance:
  m_ObjectHideFlags: 0
  serializedVersion: 2
  m_Modification:
    m_TransformParent: {fileID: 0}
    m_Modifications:
    - target: {fileID: 8736069094543901332, guid: 3d2a84acb2fb2e24280943c887fe0c23,
        type: 3}
      propertyPath: m_Name
      value: DWF_Worker_B
      objectReference: {fileID: 0}
    - target: {fileID: 46498920925518336, guid: 3d2a84acb2fb2e24280943c887fe0c23,
        type: 3}
      propertyPath: m_LocalPosition.x
      value: 8.320001
      objectReference: {fileID: 0}
    - target: {fileID: 46498920925518336, guid: 3d2a84acb2fb2e24280943c887fe0c23,
        type: 3}
      propertyPath: m_LocalPosition.y
      value: 0
      objectReference: {fileID: 0}
    - target: {fileID: 46498920925518336, guid: 3d2a84acb2fb2e24280943c887fe0c23,
        type: 3}
      propertyPath: m_LocalPosition.z
      value: -1.6399999
      objectReference: {fileID: 0}
    - target: {fileID: 46498920925518336, guid: 3d2a84acb2fb2e24280943c887fe0c23,
        type: 3}
      propertyPath: m_LocalRotation.x
      value: 0
      objectReference: {fileID: 0}
    - target: {fileID: 46498920925518336, guid: 3d2a84acb2fb2e24280943c887fe0c23,
        type: 3}
      propertyPath: m_LocalRotation.y
      value: 0
      objectReference: {fileID: 0}
    - target: {fileID: 46498920925518336, guid: 3d2a84acb2fb2e24280943c887fe0c23,
        type: 3}
      propertyPath: m_LocalRotation.z
      value: 0
      objectReference: {fileID: 0}
    - target: {fileID: 46498920925518336, guid: 3d2a84acb2fb2e24280943c887fe0c23,
        type: 3}
      propertyPath: m_LocalRotation.w
      value: 1
      objectReference: {fileID: 0}
    - target: {fileID: 46498920925518336, guid: 3d2a84acb2fb2e24280943c887fe0c23,
        type: 3}
      propertyPath: m_RootOrder
      value: 20
      objectReference: {fileID: 0}
    - target: {fileID: 46498920925518336, guid: 3d2a84acb2fb2e24280943c887fe0c23,
        type: 3}
      propertyPath: m_LocalEulerAnglesHint.x
      value: 0
      objectReference: {fileID: 0}
    - target: {fileID: 46498920925518336, guid: 3d2a84acb2fb2e24280943c887fe0c23,
        type: 3}
      propertyPath: m_LocalEulerAnglesHint.y
      value: 0
      objectReference: {fileID: 0}
    - target: {fileID: 46498920925518336, guid: 3d2a84acb2fb2e24280943c887fe0c23,
        type: 3}
      propertyPath: m_LocalEulerAnglesHint.z
      value: 0
      objectReference: {fileID: 0}
    m_RemovedComponents: []
  m_SourcePrefab: {fileID: 100100000, guid: 3d2a84acb2fb2e24280943c887fe0c23, type: 3}
--- !u!1001 &2059622070
PrefabInstance:
  m_ObjectHideFlags: 0
  serializedVersion: 2
  m_Modification:
    m_TransformParent: {fileID: 0}
    m_Modifications:
    - target: {fileID: 2153465964880505882, guid: 1ff63ee3f4857bb4dba043ad2c623c01,
        type: 3}
      propertyPath: m_Name
      value: DWF_Heavy_Infantry_B
      objectReference: {fileID: 0}
    - target: {fileID: 60609210404315589, guid: 1ff63ee3f4857bb4dba043ad2c623c01,
        type: 3}
      propertyPath: m_LocalPosition.x
      value: 9.76
      objectReference: {fileID: 0}
    - target: {fileID: 60609210404315589, guid: 1ff63ee3f4857bb4dba043ad2c623c01,
        type: 3}
      propertyPath: m_LocalPosition.y
      value: 0
      objectReference: {fileID: 0}
    - target: {fileID: 60609210404315589, guid: 1ff63ee3f4857bb4dba043ad2c623c01,
        type: 3}
      propertyPath: m_LocalPosition.z
      value: 0.8100001
      objectReference: {fileID: 0}
    - target: {fileID: 60609210404315589, guid: 1ff63ee3f4857bb4dba043ad2c623c01,
        type: 3}
      propertyPath: m_LocalRotation.x
      value: 0
      objectReference: {fileID: 0}
    - target: {fileID: 60609210404315589, guid: 1ff63ee3f4857bb4dba043ad2c623c01,
        type: 3}
      propertyPath: m_LocalRotation.y
      value: 0
      objectReference: {fileID: 0}
    - target: {fileID: 60609210404315589, guid: 1ff63ee3f4857bb4dba043ad2c623c01,
        type: 3}
      propertyPath: m_LocalRotation.z
      value: 0
      objectReference: {fileID: 0}
    - target: {fileID: 60609210404315589, guid: 1ff63ee3f4857bb4dba043ad2c623c01,
        type: 3}
      propertyPath: m_LocalRotation.w
      value: 1
      objectReference: {fileID: 0}
    - target: {fileID: 60609210404315589, guid: 1ff63ee3f4857bb4dba043ad2c623c01,
        type: 3}
      propertyPath: m_RootOrder
      value: 12
      objectReference: {fileID: 0}
    - target: {fileID: 60609210404315589, guid: 1ff63ee3f4857bb4dba043ad2c623c01,
        type: 3}
      propertyPath: m_LocalEulerAnglesHint.x
      value: 0
      objectReference: {fileID: 0}
    - target: {fileID: 60609210404315589, guid: 1ff63ee3f4857bb4dba043ad2c623c01,
        type: 3}
      propertyPath: m_LocalEulerAnglesHint.y
      value: 0
      objectReference: {fileID: 0}
    - target: {fileID: 60609210404315589, guid: 1ff63ee3f4857bb4dba043ad2c623c01,
        type: 3}
      propertyPath: m_LocalEulerAnglesHint.z
      value: 0
      objectReference: {fileID: 0}
    m_RemovedComponents: []
  m_SourcePrefab: {fileID: 100100000, guid: 1ff63ee3f4857bb4dba043ad2c623c01, type: 3}
--- !u!1001 &2102780199
PrefabInstance:
  m_ObjectHideFlags: 0
  serializedVersion: 2
  m_Modification:
    m_TransformParent: {fileID: 0}
    m_Modifications:
    - target: {fileID: 3095745669736280796, guid: 604f94372f3e7c546b8639cbc2d59135,
        type: 3}
      propertyPath: m_Name
      value: DWF_Cavalry_Heavy_B
      objectReference: {fileID: 0}
    - target: {fileID: 3066063523791309015, guid: 604f94372f3e7c546b8639cbc2d59135,
        type: 3}
      propertyPath: m_LocalPosition.x
      value: 6.140001
      objectReference: {fileID: 0}
    - target: {fileID: 3066063523791309015, guid: 604f94372f3e7c546b8639cbc2d59135,
        type: 3}
      propertyPath: m_LocalPosition.y
      value: 0
      objectReference: {fileID: 0}
    - target: {fileID: 3066063523791309015, guid: 604f94372f3e7c546b8639cbc2d59135,
        type: 3}
      propertyPath: m_LocalPosition.z
      value: -1.0499998
      objectReference: {fileID: 0}
    - target: {fileID: 3066063523791309015, guid: 604f94372f3e7c546b8639cbc2d59135,
        type: 3}
      propertyPath: m_LocalRotation.x
      value: 0
      objectReference: {fileID: 0}
    - target: {fileID: 3066063523791309015, guid: 604f94372f3e7c546b8639cbc2d59135,
        type: 3}
      propertyPath: m_LocalRotation.y
      value: 0
      objectReference: {fileID: 0}
    - target: {fileID: 3066063523791309015, guid: 604f94372f3e7c546b8639cbc2d59135,
        type: 3}
      propertyPath: m_LocalRotation.z
      value: 0
      objectReference: {fileID: 0}
    - target: {fileID: 3066063523791309015, guid: 604f94372f3e7c546b8639cbc2d59135,
        type: 3}
      propertyPath: m_LocalRotation.w
      value: 1
      objectReference: {fileID: 0}
    - target: {fileID: 3066063523791309015, guid: 604f94372f3e7c546b8639cbc2d59135,
        type: 3}
      propertyPath: m_RootOrder
      value: 6
      objectReference: {fileID: 0}
    - target: {fileID: 3066063523791309015, guid: 604f94372f3e7c546b8639cbc2d59135,
        type: 3}
      propertyPath: m_LocalEulerAnglesHint.x
      value: 0
      objectReference: {fileID: 0}
    - target: {fileID: 3066063523791309015, guid: 604f94372f3e7c546b8639cbc2d59135,
        type: 3}
      propertyPath: m_LocalEulerAnglesHint.y
      value: 0
      objectReference: {fileID: 0}
    - target: {fileID: 3066063523791309015, guid: 604f94372f3e7c546b8639cbc2d59135,
        type: 3}
      propertyPath: m_LocalEulerAnglesHint.z
      value: 0
      objectReference: {fileID: 0}
    m_RemovedComponents: []
  m_SourcePrefab: {fileID: 100100000, guid: 604f94372f3e7c546b8639cbc2d59135, type: 3}
--- !u!1001 &2146730940
PrefabInstance:
  m_ObjectHideFlags: 0
  serializedVersion: 2
  m_Modification:
    m_TransformParent: {fileID: 0}
    m_Modifications:
    - target: {fileID: 4474488601926549573, guid: d9420f0480c49134e810beae8b8c35d7,
        type: 3}
      propertyPath: m_Name
      value: DWF_Cavalry_Archer_B
      objectReference: {fileID: 0}
    - target: {fileID: 6398834323138789360, guid: d9420f0480c49134e810beae8b8c35d7,
        type: 3}
      propertyPath: m_LocalPosition.x
      value: 2.45
      objectReference: {fileID: 0}
    - target: {fileID: 6398834323138789360, guid: d9420f0480c49134e810beae8b8c35d7,
        type: 3}
      propertyPath: m_LocalPosition.y
      value: 0
      objectReference: {fileID: 0}
    - target: {fileID: 6398834323138789360, guid: d9420f0480c49134e810beae8b8c35d7,
        type: 3}
      propertyPath: m_LocalPosition.z
      value: 0.91
      objectReference: {fileID: 0}
    - target: {fileID: 6398834323138789360, guid: d9420f0480c49134e810beae8b8c35d7,
        type: 3}
      propertyPath: m_LocalRotation.x
      value: 0
      objectReference: {fileID: 0}
    - target: {fileID: 6398834323138789360, guid: d9420f0480c49134e810beae8b8c35d7,
        type: 3}
      propertyPath: m_LocalRotation.y
      value: 0
      objectReference: {fileID: 0}
    - target: {fileID: 6398834323138789360, guid: d9420f0480c49134e810beae8b8c35d7,
        type: 3}
      propertyPath: m_LocalRotation.z
      value: 0
      objectReference: {fileID: 0}
    - target: {fileID: 6398834323138789360, guid: d9420f0480c49134e810beae8b8c35d7,
        type: 3}
      propertyPath: m_LocalRotation.w
      value: 1
      objectReference: {fileID: 0}
    - target: {fileID: 6398834323138789360, guid: d9420f0480c49134e810beae8b8c35d7,
        type: 3}
      propertyPath: m_RootOrder
      value: 4
      objectReference: {fileID: 0}
    - target: {fileID: 6398834323138789360, guid: d9420f0480c49134e810beae8b8c35d7,
        type: 3}
      propertyPath: m_LocalEulerAnglesHint.x
      value: 0
      objectReference: {fileID: 0}
    - target: {fileID: 6398834323138789360, guid: d9420f0480c49134e810beae8b8c35d7,
        type: 3}
      propertyPath: m_LocalEulerAnglesHint.y
      value: 0
      objectReference: {fileID: 0}
    - target: {fileID: 6398834323138789360, guid: d9420f0480c49134e810beae8b8c35d7,
        type: 3}
      propertyPath: m_LocalEulerAnglesHint.z
      value: 0
      objectReference: {fileID: 0}
    m_RemovedComponents: []
  m_SourcePrefab: {fileID: 100100000, guid: d9420f0480c49134e810beae8b8c35d7, type: 3}
